@book{RN4,
   author = {Fandango, Armando},
   title = {Python Data Analysis},
   publisher = {Packt Publishing Ltd},
   ISBN = {1787127923},
   year = {2017},
   type = {Book}
}

@book{RN5,
   author = {Godoy, Daniel Voigt},
   title = {Deep Learning with PyTorch Step-by-Step: A Beginner’s Guide},
   year = {2021},
   type = {Book}
}

@book{RN6,
	author = {McKinney, Wes},
	title = {Python for data analysis: Data wrangling with Pandas, NumPy, and IPython},
	publisher = {" O'Reilly Media, Inc."},
	ISBN = {1449323618},
	year = {2012},
	type = {Book}
}

@book{RN7,
	author = {Géron, Aurélien},
	title = {Hands-on machine learning with Scikit-Learn, Keras, and TensorFlow: Concepts, tools, and techniques to build intelligent systems},
	publisher = {" O'Reilly Media, Inc."},
	ISBN = {149203259X},
	year = {2019},
	type = {Book}
}

@book{RN8,
	author = {Avila, Julian and Hauck, Trent},
	title = {Scikit-learn cookbook: over 80 recipes for machine learning in Python with scikit-learn},
	publisher = {Packt Publishing Ltd},
	ISBN = {1787289834},
	year = {2017},
	type = {Book}
}