@book{RN4,
   author = {Fandango, Armando},
   title = {Python Data Analysis},
   publisher = {Packt Publishing Ltd},
   ISBN = {1787127923},
   year = {2017},
   type = {Book}
}

@book{RN5,
   author = {Godoy, Daniel Voigt},
   title = {Deep Learning with PyTorch Step-by-Step: A Beginner’s Guide},
   year = {2021},
   type = {Book}
}

@book{RN6,
	author = {McKinney, Wes},
	title = {Python for data analysis: Data wrangling with Pandas, NumPy, and IPython},
	publisher = {" O'Reilly Media, Inc."},
	ISBN = {1449323618},
	year = {2012},
	type = {Book}
}

@book{RN7,
	author = {Géron, Aurélien},
	title = {Hands-on machine learning with Scikit-Learn, Keras, and TensorFlow: Concepts, tools, and techniques to build intelligent systems},
	publisher = {" O'Reilly Media, Inc."},
	ISBN = {149203259X},
	year = {2019},
	type = {Book}
}

@book{RN8,
	author = {Avila, Julian and Hauck, Trent},
	title = {Scikit-learn cookbook: over 80 recipes for machine learning in Python with scikit-learn},
	publisher = {Packt Publishing Ltd},
	ISBN = {1787289834},
	year = {2017},
	type = {Book}
}

@article{RN10,
	author = {Richardson, Leonard},
	title = {Beautiful soup documentation},
	journal = {Dosegljivo: https://www. crummy. com/software/BeautifulSoup/bs4/doc/.[Dostopano: 7. 7. 2018]},
	year = {2007},
	type = {Journal Article}
}

@book{RN14,
	author = {Stubblebine, Tony},
	title = {Regular Expression Pocket Reference: Regular Expressions for Perl, Ruby, PHP, Python, C, Java and. NET},
	publisher = {" O'Reilly Media, Inc."},
	ISBN = {0596514271},
	year = {2007},
	type = {Book}
}

@book{RN15,
	author = {Shukla, Nishant and Fricklas, Kenneth},
	title = {Machine learning with TensorFlow},
	publisher = {Manning Greenwich},
	ISBN = {1617293873},
	year = {2018},
	type = {Book}
}

@article{RN16,
	author = {Waskom, Michael L},
	title = {Seaborn: statistical data visualization},
	journal = {Journal of Open Source Software},
	volume = {6},
	number = {60},
	pages = {3021},
	ISSN = {2475-9066},
	year = {2021},
	type = {Journal Article}
}

@article{RN22,
	author = {Skribans, Valerijs and Jurušs, Māris and Demianchuk, Maryna and Maslii, Natalia and Pastory, Dickson},
	title = {Real estate announcements monitoring dataset for Latvia 2018},
	journal = {Data in brief},
	volume = {28},
	pages = {105064},
	ISSN = {2352-3409},
	year = {2020},
	type = {Journal Article}
}

@article{RN26,
	author = {Lepetit, Quentin and Viguie, Vincent and Liotta, Charlotte},
	title = {A gridded dataset on densities, real estate prices, transport, and land use inside 192 worldwide urban areas},
	journal = {Available at SSRN 4105575},
	year = {2022},
	type = {Journal Article}
}

@article{RN29,
	author = {Balemi, Nadia and Füss, Roland and Weigand, Alois},
	title = {COVID-19’s impact on real estate markets: review and outlook},
	journal = {Financial Markets and Portfolio Management},
	volume = {35},
	number = {4},
	pages = {495-513},
	ISSN = {2373-8529},
	year = {2021},
	type = {Journal Article}
}

@article{RN24,
	author = {Xie, Lingshan and Milcheva, Stanimira},
	title = {Proximity to Covid-19 cases and real estate equity returns},
	journal = {Available at SSRN 3641268},
	year = {2020},
	type = {Journal Article}
}

@article{RN17,
	author = {Louati, Ali and Lahyani, Rahma and Aldaej, Abdulaziz and Aldumaykhi, Abdullah and Otai, Saad},
	title = {Price forecasting for real estate using machine learning: A case study on Riyadh city},
	journal = {Concurrency and Computation: Practice and Experience},
	volume = {34},
	number = {6},
	pages = {e6748},
	ISSN = {1532-0626},
	year = {2022},
	type = {Journal Article}
}

@article{RN20,
	author = {Jha, Shashi Bhushan and Pandey, Vijay and Jha, Rajesh Kumar and Babiceanu, Radu F},
	title = {Machine Learning Approaches to Real Estate Market Prediction Problem: A Case Study},
	journal = {arXiv preprint arXiv:2008.09922},
	year = {2020},
	type = {Journal Article}
}

@inproceedings{RN33,
	author = {Ray, Susmita},
	title = {A quick review of machine learning algorithms},
	booktitle = {2019 International conference on machine learning, big data, cloud and parallel computing (COMITCon)},
	publisher = {IEEE},
	pages = {35-39},
	ISBN = {1728102111},
	type = {Conference Proceedings}
}

@article{RN31,
	author = {Njoku, Obinna Chilezie},
	title = {Decision trees and their application for classification and regression problems},
	year = {2019},
	type = {Journal Article}
}

@book{RN34,
	author = {Bonaccorso, Giuseppe},
	title = {Machine learning algorithms},
	publisher = {Packt Publishing Ltd},
	ISBN = {1785884514},
	year = {2017},
	type = {Book}
}

@article{RN35,
	author = {Natekin, Alexey and Knoll, Alois},
	title = {Gradient boosting machines, a tutorial},
	journal = {Frontiers in neurorobotics},
	volume = {7},
	pages = {21},
	ISSN = {1662-5218},
	year = {2013},
	type = {Journal Article}
}

@article{RN36,
	author = {Zou, Jinming and Han, Yi and So, Sung-Sau},
	title = {Overview of artificial neural networks},
	journal = {Artificial Neural Networks},
	pages = {14-22},
	year = {2008},
	type = {Journal Article}
}


